{
  "company": "NVIDIA",
  "ticker": "NVDA",
  "generatedAt": "2026-02-19",
  "quarters": [
    {
      "label": "FY2022 Q1",
      "fy": 2022,
      "q": 1,
      "isOutlook": false,
      "revenue": 5661,
      "costOfRevenue": 2032,
      "grossProfit": 3629,
      "researchAndDevelopment": 1153,
      "sga": 520,
      "totalOperatingExpenses": 1673,
      "operatingIncome": 1956,
      "nonOperatingIncome": 88,
      "netIncome": 1912,
      "eps": 0.08,
      "price": 15.28,
      "priceDate": "2021-04-28",
      "sharesDiluted": 25280,
      "segments": {
        "dataCenter": 2050,
        "gaming": 2760,
        "professionalVisualization": 372,
        "automotive": 154,
        "oem": 325
      },
      "balanceSheet": {
        "cashAndEquivalents": 12667,
        "totalAssets": 30796,
        "totalLiabilities": 12022,
        "totalEquity": 18774,
        "totalDebt": 6963
      },
      "cashFlow": {
        "operatingCF": 1874,
        "investingCF": -1272,
        "financingCF": -471,
        "freeCashFlow": 1557
      },
      "segmentProfit": {
        "computeAndNetworking": {
          "revenue": 2210,
          "operatingIncome": 861
        },
        "graphics": {
          "revenue": 3451,
          "operatingIncome": 1786
        }
      },
      "investments": {
        "nonMarketableBalance": null,
        "publiclyHeldBalance": 133,
        "netAdditions": null,
        "unrealizedGains": null,
        "impairments": null
      }
    },
    {
      "label": "FY2022 Q2",
      "fy": 2022,
      "q": 2,
      "isOutlook": false,
      "revenue": 6507,
      "costOfRevenue": 2292,
      "grossProfit": 4215,
      "researchAndDevelopment": 1245,
      "sga": 526,
      "totalOperatingExpenses": 1771,
      "operatingIncome": 2444,
      "nonOperatingIncome": -50,
      "netIncome": 2374,
      "eps": 0.09,
      "price": 19.5,
      "priceDate": "2021-07-28",
      "sharesDiluted": 25320,
      "segments": {
        "dataCenter": 2370,
        "gaming": 3060,
        "professionalVisualization": 519,
        "automotive": 152,
        "oem": 406
      },
      "balanceSheet": {
        "cashAndEquivalents": 19654,
        "totalAssets": 38650,
        "totalLiabilities": 17503,
        "totalEquity": 21147,
        "totalDebt": 11943
      },
      "cashFlow": {
        "operatingCF": 2682,
        "investingCF": -2533,
        "financingCF": 4501,
        "freeCashFlow": 2478
      },
      "segmentProfit": {
        "computeAndNetworking": {
          "revenue": 2600,
          "operatingIncome": 1034
        },
        "graphics": {
          "revenue": 3907,
          "operatingIncome": 2127
        }
      },
      "investments": {
        "nonMarketableBalance": null,
        "publiclyHeldBalance": 128,
        "netAdditions": null,
        "unrealizedGains": null,
        "impairments": null
      }
    },
    {
      "label": "FY2022 Q3",
      "fy": 2022,
      "q": 3,
      "isOutlook": false,
      "revenue": 7103,
      "costOfRevenue": 2472,
      "grossProfit": 4631,
      "researchAndDevelopment": 1403,
      "sga": 557,
      "totalOperatingExpenses": 1960,
      "operatingIncome": 2671,
      "nonOperatingIncome": -33,
      "netIncome": 2464,
      "eps": 0.1,
      "price": 24.94,
      "priceDate": "2021-10-28",
      "sharesDiluted": 25380,
      "segments": {
        "dataCenter": 2940,
        "gaming": 3220,
        "professionalVisualization": 577,
        "automotive": 135,
        "oem": 231
      },
      "balanceSheet": {
        "cashAndEquivalents": 19298,
        "totalAssets": 40632,
        "totalLiabilities": 16834,
        "totalEquity": 23798,
        "totalDebt": 11943
      },
      "cashFlow": {
        "operatingCF": 1519,
        "investingCF": -4438,
        "financingCF": -1421,
        "freeCashFlow": 1276
      },
      "segmentProfit": {
        "computeAndNetworking": {
          "revenue": 3011,
          "operatingIncome": 1332
        },
        "graphics": {
          "revenue": 4092,
          "operatingIncome": 2160
        }
      },
      "investments": {
        "nonMarketableBalance": 172,
        "publiclyHeldBalance": 136,
        "netAdditions": null,
        "unrealizedGains": null,
        "impairments": null
      }
    },
    {
      "label": "FY2022 Q4",
      "fy": 2022,
      "q": 4,
      "isOutlook": false,
      "revenue": 7643,
      "costOfRevenue": 2644,
      "grossProfit": 4999,
      "researchAndDevelopment": 1466,
      "sga": 563,
      "totalOperatingExpenses": 2029,
      "operatingIncome": 2970,
      "nonOperatingIncome": -105,
      "netIncome": 3003,
      "eps": 0.12,
      "price": 22.84,
      "priceDate": "2022-01-28",
      "sharesDiluted": 25450,
      "segments": {
        "dataCenter": 3260,
        "gaming": 3420,
        "professionalVisualization": 643,
        "automotive": 125,
        "oem": 195
      },
      "balanceSheet": {
        "cashAndEquivalents": 21208,
        "totalAssets": 44187,
        "totalLiabilities": 17575,
        "totalEquity": 26612,
        "totalDebt": 11945
      },
      "cashFlow": {
        "operatingCF": 3033,
        "investingCF": -1587,
        "financingCF": -744,
        "freeCashFlow": 2739
      },
      "segmentProfit": {
        "computeAndNetworking": {
          "revenue": 3225,
          "operatingIncome": 1371
        },
        "graphics": {
          "revenue": 4418,
          "operatingIncome": 2419
        }
      },
      "investments": {
        "nonMarketableBalance": 208,
        "publiclyHeldBalance": 58,
        "netAdditions": null,
        "unrealizedGains": null,
        "impairments": null
      }
    },
    {
      "label": "FY2023 Q1",
      "fy": 2023,
      "q": 1,
      "isOutlook": false,
      "revenue": 8288,
      "costOfRevenue": 2857,
      "grossProfit": 5431,
      "researchAndDevelopment": 1618,
      "sga": 592,
      "totalOperatingExpenses": 3563,
      "operatingIncome": 1868,
      "nonOperatingIncome": -63,
      "netIncome": 1618,
      "eps": 0.06,
      "price": 19.78,
      "priceDate": "2022-04-28",
      "sharesDiluted": 25370,
      "segments": {
        "dataCenter": 3750,
        "gaming": 3620,
        "professionalVisualization": 622,
        "automotive": 138,
        "oem": 158
      },
      "balanceSheet": {
        "cashAndEquivalents": 20338,
        "totalAssets": 45212,
        "totalLiabilities": 18892,
        "totalEquity": 26320,
        "totalDebt": 10947
      },
      "cashFlow": {
        "operatingCF": 1731,
        "investingCF": 2612,
        "financingCF": -2446,
        "freeCashFlow": 1348
      },
      "segmentProfit": {
        "computeAndNetworking": {
          "revenue": 3672,
          "operatingIncome": 1606
        },
        "graphics": {
          "revenue": 4616,
          "operatingIncome": 2476
        }
      },
      "investments": {
        "nonMarketableBalance": 238,
        "publiclyHeldBalance": 48,
        "netAdditions": null,
        "unrealizedGains": null,
        "impairments": null
      }
    },
    {
      "label": "FY2023 Q2",
      "fy": 2023,
      "q": 2,
      "isOutlook": false,
      "revenue": 6704,
      "costOfRevenue": 3789,
      "grossProfit": 2915,
      "researchAndDevelopment": 1824,
      "sga": 592,
      "totalOperatingExpenses": 2416,
      "operatingIncome": 499,
      "nonOperatingIncome": -24,
      "netIncome": 656,
      "eps": 0.03,
      "price": 17.98,
      "priceDate": "2022-07-28",
      "sharesDiluted": 25160,
      "segments": {
        "dataCenter": 3810,
        "gaming": 2040,
        "professionalVisualization": 496,
        "automotive": 220,
        "oem": 138
      },
      "balanceSheet": {
        "cashAndEquivalents": 17037,
        "totalAssets": 43476,
        "totalLiabilities": 19625,
        "totalEquity": 23851,
        "totalDebt": 10949
      },
      "cashFlow": {
        "operatingCF": 1270,
        "investingCF": 1618,
        "financingCF": -3762,
        "freeCashFlow": 824
      },
      "segmentProfit": {
        "computeAndNetworking": {
          "revenue": 3907,
          "operatingIncome": 816
        },
        "graphics": {
          "revenue": 2797,
          "operatingIncome": 657
        }
      },
      "investments": {
        "nonMarketableBalance": 266,
        "publiclyHeldBalance": 41,
        "netAdditions": null,
        "unrealizedGains": null,
        "impairments": null
      }
    },
    {
      "label": "FY2023 Q3",
      "fy": 2023,
      "q": 3,
      "isOutlook": false,
      "revenue": 5931,
      "costOfRevenue": 2754,
      "grossProfit": 3177,
      "researchAndDevelopment": 1945,
      "sga": 631,
      "totalOperatingExpenses": 2576,
      "operatingIncome": 601,
      "nonOperatingIncome": 12,
      "netIncome": 680,
      "eps": 0.03,
      "price": 13.83,
      "priceDate": "2022-10-28",
      "sharesDiluted": 24990,
      "segments": {
        "dataCenter": 3830,
        "gaming": 1570,
        "professionalVisualization": 200,
        "automotive": 251,
        "oem": 80
      },
      "balanceSheet": {
        "cashAndEquivalents": 13143,
        "totalAssets": 40488,
        "totalLiabilities": 19139,
        "totalEquity": 21349,
        "totalDebt": 10950
      },
      "cashFlow": {
        "operatingCF": 392,
        "investingCF": 3148,
        "financingCF": -3753,
        "freeCashFlow": -156
      },
      "segmentProfit": {
        "computeAndNetworking": {
          "revenue": 3816,
          "operatingIncome": 1086
        },
        "graphics": {
          "revenue": 2115,
          "operatingIncome": 606
        }
      },
      "investments": {
        "nonMarketableBalance": 287,
        "publiclyHeldBalance": 27,
        "netAdditions": null,
        "unrealizedGains": null,
        "impairments": null
      }
    },
    {
      "label": "FY2023 Q4",
      "fy": 2023,
      "q": 4,
      "isOutlook": false,
      "revenue": 6051,
      "costOfRevenue": 2218,
      "grossProfit": 3833,
      "researchAndDevelopment": 1951,
      "sga": 625,
      "totalOperatingExpenses": 2576,
      "operatingIncome": 1257,
      "nonOperatingIncome": 32,
      "netIncome": 1414,
      "eps": 0.06,
      "price": 20.36,
      "priceDate": "2023-01-27",
      "sharesDiluted": 24770,
      "segments": {
        "dataCenter": 3620,
        "gaming": 1830,
        "professionalVisualization": 226,
        "automotive": 294,
        "oem": 81
      },
      "balanceSheet": {
        "cashAndEquivalents": 13296,
        "totalAssets": 41182,
        "totalLiabilities": 19081,
        "totalEquity": 22101,
        "totalDebt": 10953
      },
      "cashFlow": {
        "operatingCF": 2249,
        "investingCF": -4,
        "financingCF": -1656,
        "freeCashFlow": 1736
      },
      "segmentProfit": {
        "computeAndNetworking": {
          "revenue": 3673,
          "operatingIncome": 1575
        },
        "graphics": {
          "revenue": 2378,
          "operatingIncome": 813
        }
      },
      "investments": {
        "nonMarketableBalance": 288,
        "publiclyHeldBalance": 11,
        "netAdditions": null,
        "unrealizedGains": null,
        "impairments": null
      }
    },
    {
      "label": "FY2024 Q1",
      "fy": 2024,
      "q": 1,
      "isOutlook": false,
      "revenue": 7192,
      "costOfRevenue": 2544,
      "grossProfit": 4648,
      "researchAndDevelopment": 1875,
      "sga": 633,
      "totalOperatingExpenses": 2508,
      "operatingIncome": 2140,
      "nonOperatingIncome": 69,
      "netIncome": 2043,
      "eps": 0.08,
      "price": 27.75,
      "priceDate": "2023-04-28",
      "sharesDiluted": 24900,
      "segments": {
        "dataCenter": 4280,
        "gaming": 2240,
        "professionalVisualization": 295,
        "automotive": 296,
        "oem": 81
      },
      "balanceSheet": {
        "cashAndEquivalents": 15320,
        "totalAssets": 44460,
        "totalLiabilities": 19940,
        "totalEquity": 24520,
        "totalDebt": 10954
      },
      "cashFlow": {
        "operatingCF": 2911,
        "investingCF": -841,
        "financingCF": -380,
        "freeCashFlow": 2643
      },
      "segmentProfit": {
        "computeAndNetworking": {
          "revenue": 4460,
          "operatingIncome": 2160
        },
        "graphics": {
          "revenue": 2732,
          "operatingIncome": 1046
        }
      },
      "investments": {
        "nonMarketableBalance": 496,
        "publiclyHeldBalance": 9,
        "netAdditions": null,
        "unrealizedGains": null,
        "impairments": null
      }
    },
    {
      "label": "FY2024 Q2",
      "fy": 2024,
      "q": 2,
      "isOutlook": false,
      "revenue": 13507,
      "costOfRevenue": 4045,
      "grossProfit": 9462,
      "researchAndDevelopment": 2040,
      "sga": 622,
      "totalOperatingExpenses": 2662,
      "operatingIncome": 6800,
      "nonOperatingIncome": 181,
      "netIncome": 6188,
      "eps": 0.25,
      "price": 46.75,
      "priceDate": "2023-07-28",
      "sharesDiluted": 24990,
      "segments": {
        "dataCenter": 10320,
        "gaming": 2490,
        "professionalVisualization": 379,
        "automotive": 253,
        "oem": 65
      },
      "balanceSheet": {
        "cashAndEquivalents": 16023,
        "totalAssets": 49555,
        "totalLiabilities": 22054,
        "totalEquity": 27501,
        "totalDebt": 9705
      },
      "cashFlow": {
        "operatingCF": 6348,
        "investingCF": -447,
        "financingCF": -5098,
        "freeCashFlow": 6048
      },
      "segmentProfit": {
        "computeAndNetworking": {
          "revenue": 10402,
          "operatingIncome": 6728
        },
        "graphics": {
          "revenue": 3105,
          "operatingIncome": 1211
        }
      },
      "investments": {
        "nonMarketableBalance": 676,
        "publiclyHeldBalance": 124,
        "netAdditions": null,
        "unrealizedGains": null,
        "impairments": null
      }
    },
    {
      "label": "FY2024 Q3",
      "fy": 2024,
      "q": 3,
      "isOutlook": false,
      "revenue": 18120,
      "costOfRevenue": 4720,
      "grossProfit": 13400,
      "researchAndDevelopment": 2294,
      "sga": 689,
      "totalOperatingExpenses": 2983,
      "operatingIncome": 10417,
      "nonOperatingIncome": 105,
      "netIncome": 9243,
      "eps": 0.37,
      "price": 40.5,
      "priceDate": "2023-10-27",
      "sharesDiluted": 24940,
      "segments": {
        "dataCenter": 14510,
        "gaming": 2860,
        "professionalVisualization": 416,
        "automotive": 261,
        "oem": 73
      },
      "balanceSheet": {
        "cashAndEquivalents": 18281,
        "totalAssets": 54148,
        "totalLiabilities": 20883,
        "totalEquity": 33265,
        "totalDebt": 9706
      },
      "cashFlow": {
        "operatingCF": 7333,
        "investingCF": -3169,
        "financingCF": -4527,
        "freeCashFlow": 7042
      },
      "segmentProfit": {
        "computeAndNetworking": {
          "revenue": 14645,
          "operatingIncome": 10262
        },
        "graphics": {
          "revenue": 3475,
          "operatingIncome": 1493
        }
      },
      "investments": {
        "nonMarketableBalance": 1019,
        "publiclyHeldBalance": 153,
        "netAdditions": null,
        "unrealizedGains": null,
        "impairments": null
      }
    },
    {
      "label": "FY2024 Q4",
      "fy": 2024,
      "q": 4,
      "isOutlook": false,
      "revenue": 22103,
      "costOfRevenue": 5312,
      "grossProfit": 16791,
      "researchAndDevelopment": 2465,
      "sga": 711,
      "totalOperatingExpenses": 3176,
      "operatingIncome": 13615,
      "nonOperatingIncome": 491,
      "netIncome": 12285,
      "eps": 0.49,
      "price": 61.03,
      "priceDate": "2024-01-26",
      "sharesDiluted": 24900,
      "segments": {
        "dataCenter": 18400,
        "gaming": 2900,
        "professionalVisualization": 463,
        "automotive": 281,
        "oem": 59
      },
      "balanceSheet": {
        "cashAndEquivalents": 25984,
        "totalAssets": 65728,
        "totalLiabilities": 22750,
        "totalEquity": 42978,
        "totalDebt": 9709
      },
      "cashFlow": {
        "operatingCF": 11499,
        "investingCF": -6109,
        "financingCF": -3629,
        "freeCashFlow": 11217
      },
      "segmentProfit": {
        "computeAndNetworking": {
          "revenue": 17898,
          "operatingIncome": 12866
        },
        "graphics": {
          "revenue": 4205,
          "operatingIncome": 2096
        }
      },
      "investments": {
        "nonMarketableBalance": 1321,
        "publiclyHeldBalance": 225,
        "netAdditions": 859,
        "unrealizedGains": 194,
        "impairments": -20
      }
    },
    {
      "label": "FY2025 Q1",
      "fy": 2025,
      "q": 1,
      "isOutlook": false,
      "revenue": 26044,
      "costOfRevenue": 5638,
      "grossProfit": 20406,
      "researchAndDevelopment": 2720,
      "sga": 777,
      "totalOperatingExpenses": 3497,
      "operatingIncome": 16909,
      "nonOperatingIncome": 370,
      "netIncome": 14881,
      "eps": 0.6,
      "price": 87.74,
      "priceDate": "2024-04-26",
      "sharesDiluted": 24890,
      "segments": {
        "dataCenter": 22600,
        "gaming": 2600,
        "professionalVisualization": 427,
        "automotive": 329,
        "oem": 88
      },
      "balanceSheet": {
        "cashAndEquivalents": 31438,
        "totalAssets": 77072,
        "totalLiabilities": 27930,
        "totalEquity": 49142,
        "totalDebt": 9710
      },
      "cashFlow": {
        "operatingCF": 15345,
        "investingCF": -5693,
        "financingCF": -9345,
        "freeCashFlow": 14936
      },
      "segmentProfit": {
        "computeAndNetworking": {
          "revenue": 22675,
          "operatingIncome": 17047
        },
        "graphics": {
          "revenue": 3369,
          "operatingIncome": 1241
        }
      },
      "investments": {
        "nonMarketableBalance": 1463,
        "publiclyHeldBalance": 287,
        "netAdditions": 127,
        "unrealizedGains": 15,
        "impairments": 0
      }
    },
    {
      "label": "FY2025 Q2",
      "fy": 2025,
      "q": 2,
      "isOutlook": false,
      "revenue": 30040,
      "costOfRevenue": 7466,
      "grossProfit": 22574,
      "researchAndDevelopment": 3090,
      "sga": 842,
      "totalOperatingExpenses": 3932,
      "operatingIncome": 18642,
      "nonOperatingIncome": 572,
      "netIncome": 16599,
      "eps": 0.67,
      "price": 113.06,
      "priceDate": "2024-07-26",
      "sharesDiluted": 24848,
      "segments": {
        "dataCenter": 26300,
        "gaming": 2900,
        "professionalVisualization": 454,
        "automotive": 346,
        "oem": 40
      },
      "balanceSheet": {
        "cashAndEquivalents": 34800,
        "totalAssets": 85227,
        "totalLiabilities": 27070,
        "totalEquity": 58157,
        "totalDebt": 9711
      },
      "cashFlow": {
        "operatingCF": 14489,
        "investingCF": -3185,
        "financingCF": -10320,
        "freeCashFlow": 13483
      },
      "segmentProfit": {
        "computeAndNetworking": {
          "revenue": 26446,
          "operatingIncome": 18848
        },
        "graphics": {
          "revenue": 3594,
          "operatingIncome": 1369
        }
      },
      "investments": {
        "nonMarketableBalance": 1819,
        "publiclyHeldBalance": 419,
        "netAdditions": 294,
        "unrealizedGains": 77,
        "impairments": -15
      }
    },
    {
      "label": "FY2025 Q3",
      "fy": 2025,
      "q": 3,
      "isOutlook": false,
      "revenue": 35082,
      "costOfRevenue": 8926,
      "grossProfit": 26156,
      "researchAndDevelopment": 3390,
      "sga": 897,
      "totalOperatingExpenses": 4287,
      "operatingIncome": 21869,
      "nonOperatingIncome": 447,
      "netIncome": 19309,
      "eps": 0.78,
      "price": 140.52,
      "priceDate": "2024-10-28",
      "sharesDiluted": 24774,
      "segments": {
        "dataCenter": 30800,
        "gaming": 3300,
        "professionalVisualization": 486,
        "automotive": 449,
        "oem": 47
      },
      "balanceSheet": {
        "cashAndEquivalents": 38487,
        "totalAssets": 96013,
        "totalLiabilities": 30114,
        "totalEquity": 65899,
        "totalDebt": 9712
      },
      "cashFlow": {
        "operatingCF": 17629,
        "investingCF": -4345,
        "financingCF": -12748,
        "freeCashFlow": 16787
      },
      "segmentProfit": {
        "computeAndNetworking": {
          "revenue": 31036,
          "operatingIncome": 22081
        },
        "graphics": {
          "revenue": 4046,
          "operatingIncome": 1502
        }
      },
      "investments": {
        "nonMarketableBalance": 2237,
        "publiclyHeldBalance": 472,
        "netAdditions": 409,
        "unrealizedGains": 23,
        "impairments": -14
      }
    },
    {
      "label": "FY2025 Q4",
      "fy": 2025,
      "q": 4,
      "isOutlook": false,
      "revenue": 39331,
      "costOfRevenue": 10608,
      "grossProfit": 28723,
      "researchAndDevelopment": 3714,
      "sga": 975,
      "totalOperatingExpenses": 4689,
      "operatingIncome": 24034,
      "nonOperatingIncome": 1183,
      "netIncome": 22091,
      "eps": 0.89,
      "price": 128.99,
      "priceDate": "2025-01-28",
      "sharesDiluted": 24706,
      "segments": {
        "dataCenter": 35600,
        "gaming": 2500,
        "professionalVisualization": 511,
        "automotive": 570,
        "oem": 150
      },
      "balanceSheet": {
        "cashAndEquivalents": 43210,
        "totalAssets": 111601,
        "totalLiabilities": 32274,
        "totalEquity": 79327,
        "totalDebt": 9713
      },
      "cashFlow": {
        "operatingCF": 16628,
        "investingCF": -7198,
        "financingCF": -9948,
        "freeCashFlow": 15519
      },
      "segmentProfit": {
        "computeAndNetworking": {
          "revenue": 36036,
          "operatingIncome": 24899
        },
        "graphics": {
          "revenue": 3295,
          "operatingIncome": 973
        }
      },
      "investments": {
        "nonMarketableBalance": 3387,
        "publiclyHeldBalance": 381,
        "netAdditions": 479,
        "unrealizedGains": 701,
        "impairments": -30
      }
    }
  ],
  "currentQuarter": {
    "fy": 2025,
    "q": 4,
    "label": "FY2025 Q4"
  }
}