{
  "company": "NVIDIA",
  "ticker": "NVDA",
  "generatedAt": "2026-02-19",
  "quarters": [
    {
      "label": "FY2020 Q1",
      "fy": 2020,
      "q": 1,
      "isOutlook": false,
      "revenue": 2220,
      "costOfRevenue": 924,
      "grossProfit": 1296,
      "researchAndDevelopment": 674,
      "sga": 264,
      "totalOperatingExpenses": 938,
      "operatingIncome": 358,
      "nonOperatingIncome": 31,
      "netIncome": 394,
      "eps": 0.02,
      "price": 4.45,
      "priceDate": "2019-04-26",
      "sharesDiluted": 24640,
      "segments": null,
      "balanceSheet": {
        "cashAndEquivalents": 7802,
        "totalAssets": 14021,
        "totalLiabilities": 4317,
        "totalEquity": 9704,
        "totalDebt": 1988
      },
      "cashFlow": {
        "operatingCF": null,
        "investingCF": null,
        "financingCF": null,
        "freeCashFlow": 592
      },
      "segmentProfit": null,
      "investments": null
    },
    {
      "label": "FY2020 Q2",
      "fy": 2020,
      "q": 2,
      "isOutlook": false,
      "revenue": 2579,
      "costOfRevenue": 1038,
      "grossProfit": 1541,
      "researchAndDevelopment": 704,
      "sga": 266,
      "totalOperatingExpenses": 970,
      "operatingIncome": 571,
      "nonOperatingIncome": 35,
      "netIncome": 552,
      "eps": 0.02,
      "price": 4.38,
      "priceDate": "2019-07-26",
      "sharesDiluted": 24640,
      "segments": null,
      "balanceSheet": {
        "cashAndEquivalents": 8475,
        "totalAssets": 14775,
        "totalLiabilities": 4439,
        "totalEquity": 10336,
        "totalDebt": 1989
      },
      "cashFlow": {
        "operatingCF": null,
        "investingCF": null,
        "financingCF": null,
        "freeCashFlow": 823
      },
      "segmentProfit": null,
      "investments": null
    },
    {
      "label": "FY2020 Q3",
      "fy": 2020,
      "q": 3,
      "isOutlook": false,
      "revenue": 3014,
      "costOfRevenue": 1098,
      "grossProfit": 1916,
      "researchAndDevelopment": 712,
      "sga": 277,
      "totalOperatingExpenses": 989,
      "operatingIncome": 927,
      "nonOperatingIncome": 32,
      "netIncome": 899,
      "eps": 0.04,
      "price": 5.17,
      "priceDate": "2019-10-28",
      "sharesDiluted": 24720,
      "segments": null,
      "balanceSheet": {
        "cashAndEquivalents": 9769,
        "totalAssets": 15810,
        "totalLiabilities": 4596,
        "totalEquity": 11214,
        "totalDebt": 1990
      },
      "cashFlow": {
        "operatingCF": null,
        "investingCF": null,
        "financingCF": null,
        "freeCashFlow": 1536
      },
      "segmentProfit": null,
      "investments": null
    },
    {
      "label": "FY2020 Q4",
      "fy": 2020,
      "q": 4,
      "isOutlook": false,
      "revenue": 3105,
      "costOfRevenue": 1090,
      "grossProfit": 2015,
      "researchAndDevelopment": 738,
      "sga": 287,
      "totalOperatingExpenses": 1025,
      "operatingIncome": 990,
      "nonOperatingIncome": 26,
      "netIncome": 950,
      "eps": 0.04,
      "price": 6.2,
      "priceDate": "2020-01-28",
      "sharesDiluted": 24840,
      "segments": null,
      "balanceSheet": {
        "cashAndEquivalents": 10897,
        "totalAssets": 17315,
        "totalLiabilities": 5111,
        "totalEquity": 12204,
        "totalDebt": 1991
      },
      "cashFlow": {
        "operatingCF": 1465,
        "investingCF": -151,
        "financingCF": -183,
        "freeCashFlow": 1321
      },
      "segmentProfit": null,
      "investments": null
    },
    {
      "label": "FY2021 Q1",
      "fy": 2021,
      "q": 1,
      "isOutlook": false,
      "revenue": 3080,
      "costOfRevenue": 1076,
      "grossProfit": 2004,
      "researchAndDevelopment": 735,
      "sga": 293,
      "totalOperatingExpenses": 1028,
      "operatingIncome": 976,
      "nonOperatingIncome": 5,
      "netIncome": 917,
      "eps": 0.04,
      "price": 7.28,
      "priceDate": "2020-04-28",
      "sharesDiluted": 24880,
      "segments": {
        "dataCenter": 1140,
        "gaming": 1340,
        "professionalVisualization": 307,
        "automotive": 155,
        "oem": 138
      },
      "balanceSheet": {
        "cashAndEquivalents": 16354,
        "totalAssets": 23254,
        "totalLiabilities": 10155,
        "totalEquity": 13099,
        "totalDebt": 6959
      },
      "cashFlow": {
        "operatingCF": 909,
        "investingCF": -1055,
        "financingCF": 4744,
        "freeCashFlow": 754
      },
      "segmentProfit": null,
      "investments": null
    },
    {
      "label": "FY2021 Q2",
      "fy": 2021,
      "q": 2,
      "isOutlook": false,
      "revenue": 3866,
      "costOfRevenue": 1591,
      "grossProfit": 2275,
      "researchAndDevelopment": 997,
      "sga": 627,
      "totalOperatingExpenses": 1624,
      "operatingIncome": 651,
      "nonOperatingIncome": -42,
      "netIncome": 622,
      "eps": null,
      "price": 10.22,
      "priceDate": "2020-07-28",
      "sharesDiluted": 25040,
      "segments": {
        "dataCenter": 1750,
        "gaming": 1650,
        "professionalVisualization": 203,
        "automotive": 111,
        "oem": 152
      },
      "balanceSheet": {
        "cashAndEquivalents": null,
        "totalAssets": null,
        "totalLiabilities": 11266,
        "totalEquity": 13914,
        "totalDebt": 6960
      },
      "cashFlow": {
        "operatingCF": 1566,
        "investingCF": -13489,
        "financingCF": -297,
        "freeCashFlow": 1349
      },
      "segmentProfit": null,
      "investments": null
    },
    {
      "label": "FY2021 Q3",
      "fy": 2021,
      "q": 3,
      "isOutlook": false,
      "revenue": 4726,
      "costOfRevenue": 1766,
      "grossProfit": 2960,
      "researchAndDevelopment": 1047,
      "sga": 515,
      "totalOperatingExpenses": 1562,
      "operatingIncome": 1398,
      "nonOperatingIncome": -50,
      "netIncome": 1336,
      "eps": 0.05,
      "price": 12.63,
      "priceDate": "2020-10-28",
      "sharesDiluted": 25200,
      "segments": {
        "dataCenter": 1900,
        "gaming": 2270,
        "professionalVisualization": 236,
        "automotive": null,
        "oem": 320
      },
      "balanceSheet": {
        "cashAndEquivalents": 10139,
        "totalAssets": 26881,
        "totalLiabilities": 11547,
        "totalEquity": 15334,
        "totalDebt": 6961
      },
      "cashFlow": {
        "operatingCF": 1279,
        "investingCF": null,
        "financingCF": null,
        "freeCashFlow": 806
      },
      "segmentProfit": null,
      "investments": null
    },
    {
      "label": "FY2021 Q4",
      "fy": 2021,
      "q": 4,
      "isOutlook": false,
      "revenue": 5003,
      "costOfRevenue": 1846,
      "grossProfit": 3157,
      "researchAndDevelopment": 1147,
      "sga": 503,
      "totalOperatingExpenses": 1650,
      "operatingIncome": 1507,
      "nonOperatingIncome": -37,
      "netIncome": 1457,
      "eps": 0.06,
      "price": 13.05,
      "priceDate": "2021-01-28",
      "sharesDiluted": 25240,
      "segments": {
        "dataCenter": 1900,
        "gaming": 2500,
        "professionalVisualization": 307,
        "automotive": 145,
        "oem": 151
      },
      "balanceSheet": {
        "cashAndEquivalents": 11561,
        "totalAssets": 28791,
        "totalLiabilities": 11898,
        "totalEquity": 16893,
        "totalDebt": 6963
      },
      "cashFlow": {
        "operatingCF": 2067,
        "investingCF": -3129,
        "financingCF": -342,
        "freeCashFlow": 1767
      },
      "segmentProfit": null,
      "investments": null
    },
    {
      "label": "FY2022 Q1",
      "fy": 2022,
      "q": 1,
      "isOutlook": false,
      "revenue": 5661,
      "costOfRevenue": 2032,
      "grossProfit": 3629,
      "researchAndDevelopment": 1153,
      "sga": 520,
      "totalOperatingExpenses": 1673,
      "operatingIncome": 1956,
      "nonOperatingIncome": 88,
      "netIncome": 1912,
      "eps": 0.08,
      "price": 15.28,
      "priceDate": "2021-04-28",
      "sharesDiluted": 25280,
      "segments": {
        "dataCenter": 2050,
        "gaming": 2760,
        "professionalVisualization": 372,
        "automotive": 154,
        "oem": 325
      },
      "balanceSheet": {
        "cashAndEquivalents": 12667,
        "totalAssets": 30796,
        "totalLiabilities": 12022,
        "totalEquity": 18774,
        "totalDebt": 6963
      },
      "cashFlow": {
        "operatingCF": 1874,
        "investingCF": -1272,
        "financingCF": -471,
        "freeCashFlow": 1557
      },
      "segmentProfit": {
        "computeAndNetworking": {
          "revenue": 2210,
          "operatingIncome": 861
        },
        "graphics": {
          "revenue": 3451,
          "operatingIncome": 1786
        }
      },
      "investments": {
        "nonMarketableBalance": null,
        "publiclyHeldBalance": 133,
        "netAdditions": null,
        "unrealizedGains": null,
        "impairments": null
      }
    },
    {
      "label": "FY2022 Q2",
      "fy": 2022,
      "q": 2,
      "isOutlook": false,
      "revenue": 6507,
      "costOfRevenue": 2292,
      "grossProfit": 4215,
      "researchAndDevelopment": 1245,
      "sga": 526,
      "totalOperatingExpenses": 1771,
      "operatingIncome": 2444,
      "nonOperatingIncome": -50,
      "netIncome": 2374,
      "eps": 0.09,
      "price": 19.5,
      "priceDate": "2021-07-28",
      "sharesDiluted": 25320,
      "segments": {
        "dataCenter": 2370,
        "gaming": 3060,
        "professionalVisualization": 519,
        "automotive": 152,
        "oem": 406
      },
      "balanceSheet": {
        "cashAndEquivalents": 19654,
        "totalAssets": 38650,
        "totalLiabilities": 17503,
        "totalEquity": 21147,
        "totalDebt": 11943
      },
      "cashFlow": {
        "operatingCF": 2682,
        "investingCF": -2533,
        "financingCF": 4501,
        "freeCashFlow": 2478
      },
      "segmentProfit": {
        "computeAndNetworking": {
          "revenue": 2600,
          "operatingIncome": 1034
        },
        "graphics": {
          "revenue": 3907,
          "operatingIncome": 2127
        }
      },
      "investments": {
        "nonMarketableBalance": null,
        "publiclyHeldBalance": 128,
        "netAdditions": null,
        "unrealizedGains": null,
        "impairments": null
      }
    },
    {
      "label": "FY2022 Q3",
      "fy": 2022,
      "q": 3,
      "isOutlook": false,
      "revenue": 7103,
      "costOfRevenue": 2472,
      "grossProfit": 4631,
      "researchAndDevelopment": 1403,
      "sga": 557,
      "totalOperatingExpenses": 1960,
      "operatingIncome": 2671,
      "nonOperatingIncome": -33,
      "netIncome": 2464,
      "eps": 0.1,
      "price": 24.94,
      "priceDate": "2021-10-28",
      "sharesDiluted": 25380,
      "segments": {
        "dataCenter": 2940,
        "gaming": 3220,
        "professionalVisualization": 577,
        "automotive": 135,
        "oem": 231
      },
      "balanceSheet": {
        "cashAndEquivalents": 19298,
        "totalAssets": 40632,
        "totalLiabilities": 16834,
        "totalEquity": 23798,
        "totalDebt": 11943
      },
      "cashFlow": {
        "operatingCF": 1519,
        "investingCF": -4438,
        "financingCF": -1421,
        "freeCashFlow": 1276
      },
      "segmentProfit": {
        "computeAndNetworking": {
          "revenue": 3011,
          "operatingIncome": 1332
        },
        "graphics": {
          "revenue": 4092,
          "operatingIncome": 2160
        }
      },
      "investments": {
        "nonMarketableBalance": 172,
        "publiclyHeldBalance": 136,
        "netAdditions": null,
        "unrealizedGains": null,
        "impairments": null
      }
    },
    {
      "label": "FY2022 Q4",
      "fy": 2022,
      "q": 4,
      "isOutlook": false,
      "revenue": 7643,
      "costOfRevenue": 2644,
      "grossProfit": 4999,
      "researchAndDevelopment": 1466,
      "sga": 563,
      "totalOperatingExpenses": 2029,
      "operatingIncome": 2970,
      "nonOperatingIncome": -105,
      "netIncome": 3003,
      "eps": 0.12,
      "price": 22.84,
      "priceDate": "2022-01-28",
      "sharesDiluted": 25450,
      "segments": {
        "dataCenter": 3260,
        "gaming": 3420,
        "professionalVisualization": 643,
        "automotive": 125,
        "oem": 195
      },
      "balanceSheet": {
        "cashAndEquivalents": 21208,
        "totalAssets": 44187,
        "totalLiabilities": 17575,
        "totalEquity": 26612,
        "totalDebt": 11945
      },
      "cashFlow": {
        "operatingCF": 3033,
        "investingCF": -1587,
        "financingCF": -744,
        "freeCashFlow": 2739
      },
      "segmentProfit": {
        "computeAndNetworking": {
          "revenue": 3225,
          "operatingIncome": 1371
        },
        "graphics": {
          "revenue": 4418,
          "operatingIncome": 2419
        }
      },
      "investments": {
        "nonMarketableBalance": 208,
        "publiclyHeldBalance": 58,
        "netAdditions": null,
        "unrealizedGains": null,
        "impairments": null
      }
    },
    {
      "label": "FY2023 Q1",
      "fy": 2023,
      "q": 1,
      "isOutlook": false,
      "revenue": 8288,
      "costOfRevenue": 2857,
      "grossProfit": 5431,
      "researchAndDevelopment": 1618,
      "sga": 592,
      "totalOperatingExpenses": 3563,
      "operatingIncome": 1868,
      "nonOperatingIncome": -63,
      "netIncome": 1618,
      "eps": 0.06,
      "price": 19.78,
      "priceDate": "2022-04-28",
      "sharesDiluted": 25370,
      "segments": {
        "dataCenter": 3750,
        "gaming": 3620,
        "professionalVisualization": 622,
        "automotive": 138,
        "oem": 158
      },
      "balanceSheet": {
        "cashAndEquivalents": 20338,
        "totalAssets": 45212,
        "totalLiabilities": 18892,
        "totalEquity": 26320,
        "totalDebt": 10947
      },
      "cashFlow": {
        "operatingCF": 1731,
        "investingCF": 2612,
        "financingCF": -2446,
        "freeCashFlow": 1348
      },
      "segmentProfit": {
        "computeAndNetworking": {
          "revenue": 3672,
          "operatingIncome": 1606
        },
        "graphics": {
          "revenue": 4616,
          "operatingIncome": 2476
        }
      },
      "investments": {
        "nonMarketableBalance": 238,
        "publiclyHeldBalance": 48,
        "netAdditions": null,
        "unrealizedGains": null,
        "impairments": null
      }
    },
    {
      "label": "FY2023 Q2",
      "fy": 2023,
      "q": 2,
      "isOutlook": false,
      "revenue": 6704,
      "costOfRevenue": 3789,
      "grossProfit": 2915,
      "researchAndDevelopment": 1824,
      "sga": 592,
      "totalOperatingExpenses": 2416,
      "operatingIncome": 499,
      "nonOperatingIncome": -24,
      "netIncome": 656,
      "eps": 0.03,
      "price": 17.98,
      "priceDate": "2022-07-28",
      "sharesDiluted": 25160,
      "segments": {
        "dataCenter": 3810,
        "gaming": 2040,
        "professionalVisualization": 496,
        "automotive": 220,
        "oem": 138
      },
      "balanceSheet": {
        "cashAndEquivalents": 17037,
        "totalAssets": 43476,
        "totalLiabilities": 19625,
        "totalEquity": 23851,
        "totalDebt": 10949
      },
      "cashFlow": {
        "operatingCF": 1270,
        "investingCF": 1618,
        "financingCF": -3762,
        "freeCashFlow": 824
      },
      "segmentProfit": {
        "computeAndNetworking": {
          "revenue": 3907,
          "operatingIncome": 816
        },
        "graphics": {
          "revenue": 2797,
          "operatingIncome": 657
        }
      },
      "investments": {
        "nonMarketableBalance": 266,
        "publiclyHeldBalance": 41,
        "netAdditions": null,
        "unrealizedGains": null,
        "impairments": null
      }
    },
    {
      "label": "FY2023 Q3",
      "fy": 2023,
      "q": 3,
      "isOutlook": false,
      "revenue": 5931,
      "costOfRevenue": 2754,
      "grossProfit": 3177,
      "researchAndDevelopment": 1945,
      "sga": 631,
      "totalOperatingExpenses": 2576,
      "operatingIncome": 601,
      "nonOperatingIncome": 12,
      "netIncome": 680,
      "eps": 0.03,
      "price": 13.83,
      "priceDate": "2022-10-28",
      "sharesDiluted": 24990,
      "segments": {
        "dataCenter": 3830,
        "gaming": 1570,
        "professionalVisualization": 200,
        "automotive": 251,
        "oem": 80
      },
      "balanceSheet": {
        "cashAndEquivalents": 13143,
        "totalAssets": 40488,
        "totalLiabilities": 19139,
        "totalEquity": 21349,
        "totalDebt": 10950
      },
      "cashFlow": {
        "operatingCF": 392,
        "investingCF": 3148,
        "financingCF": -3753,
        "freeCashFlow": -156
      },
      "segmentProfit": {
        "computeAndNetworking": {
          "revenue": 3816,
          "operatingIncome": 1086
        },
        "graphics": {
          "revenue": 2115,
          "operatingIncome": 606
        }
      },
      "investments": {
        "nonMarketableBalance": 287,
        "publiclyHeldBalance": 27,
        "netAdditions": null,
        "unrealizedGains": null,
        "impairments": null
      }
    }
  ],
  "currentQuarter": {
    "fy": 2023,
    "q": 3,
    "label": "FY2023 Q3"
  }
}