{
  "company": "Apple Inc.",
  "ticker": "AAPL",
  "generatedAt": "2026-02-24",
  "nextEarningsDate": "2026-04-30",
  "quarters": [
    {
      "label": "FY2022 Q1",
      "fy": 2022,
      "q": 1,
      "isOutlook": false,
      "revenue": 123945,
      "costOfRevenue": 69702,
      "grossProfit": 54243,
      "researchAndDevelopment": 6306,
      "sga": 6449,
      "totalOperatingExpenses": 12755,
      "operatingIncome": 41488,
      "nonOperatingIncome": -247,
      "netIncome": 34630,
      "eps": 2.1,
      "price": 178.2,
      "priceDate": "2021-12-30",
      "sharesDiluted": 16519291,
      "segments": {
        "americas": 51496,
        "europe": 29749,
        "greaterChina": 25783,
        "japan": 7107,
        "restOfAsiaPacific": 9810
      },
      "productSegments": {
        "iPhone": 71628,
        "mac": 10852,
        "iPad": 7248,
        "wearables": 14701,
        "services": 19516
      },
      "balanceSheet": {
        "cashAndEquivalents": 37119,
        "marketableSecurities": 165477,
        "totalAssets": 381191,
        "totalLiabilities": 309259,
        "totalEquity": 71932,
        "currentTermDebt": 11169,
        "commercialPaper": 5000,
        "longTermDebt": 106629,
        "totalDebt": 122798
      },
      "cashFlow": {
        "operatingCF": 46966,
        "investingCF": -16106,
        "financingCF": -28159,
        "freeCashFlow": 44163
      },
      "segmentProfit": {
        "americas": {
          "revenue": 51496,
          "operatingIncome": null
        },
        "europe": {
          "revenue": 29749,
          "operatingIncome": null
        },
        "greaterChina": {
          "revenue": 25783,
          "operatingIncome": null
        },
        "japan": {
          "revenue": 7107,
          "operatingIncome": null
        },
        "restOfAsiaPacific": {
          "revenue": 9810,
          "operatingIncome": null
        }
      },
      "investments": null,
      "hasPage": false
    },
    {
      "label": "FY2022 Q2",
      "fy": 2022,
      "q": 2,
      "isOutlook": false,
      "revenue": 97278,
      "costOfRevenue": 54719,
      "grossProfit": 42559,
      "researchAndDevelopment": 6387,
      "sga": 6193,
      "totalOperatingExpenses": 12580,
      "operatingIncome": 29979,
      "nonOperatingIncome": 160,
      "netIncome": 25010,
      "eps": 1.52,
      "price": 177.77,
      "priceDate": "2022-03-30",
      "sharesDiluted": 16403316,
      "segments": {
        "americas": 40882,
        "europe": 23287,
        "greaterChina": 18343,
        "japan": 7724,
        "restOfAsiaPacific": 7042
      },
      "productSegments": {
        "iPhone": 50570,
        "mac": 10435,
        "iPad": 7646,
        "wearables": 8806,
        "services": 19821
      },
      "balanceSheet": {
        "cashAndEquivalents": 28098,
        "marketableSecurities": 164632,
        "totalAssets": 350662,
        "totalLiabilities": 283263,
        "totalEquity": 67399,
        "currentTermDebt": 9659,
        "commercialPaper": 6999,
        "longTermDebt": 103323,
        "totalDebt": 119981
      },
      "cashFlow": {
        "operatingCF": 28166,
        "investingCF": -9265,
        "financingCF": -28351,
        "freeCashFlow": 25652
      },
      "segmentProfit": {
        "americas": {
          "revenue": 40882,
          "operatingIncome": null
        },
        "europe": {
          "revenue": 23287,
          "operatingIncome": null
        },
        "greaterChina": {
          "revenue": 18343,
          "operatingIncome": null
        },
        "japan": {
          "revenue": 7724,
          "operatingIncome": null
        },
        "restOfAsiaPacific": {
          "revenue": 7042,
          "operatingIncome": null
        }
      },
      "investments": null,
      "hasPage": false
    },
    {
      "label": "FY2022 Q3",
      "fy": 2022,
      "q": 3,
      "isOutlook": false,
      "revenue": 82959,
      "costOfRevenue": 47074,
      "grossProfit": 35885,
      "researchAndDevelopment": 6797,
      "sga": 6012,
      "totalOperatingExpenses": 12809,
      "operatingIncome": 23076,
      "nonOperatingIncome": -10,
      "netIncome": 19442,
      "eps": 1.2,
      "price": 139.23,
      "priceDate": "2022-06-29",
      "sharesDiluted": 16262203,
      "segments": {
        "americas": 37472,
        "europe": 19287,
        "greaterChina": 14604,
        "japan": 5446,
        "restOfAsiaPacific": 6150
      },
      "productSegments": {
        "iPhone": 40665,
        "mac": 7382,
        "iPad": 7224,
        "wearables": 8084,
        "services": 19604
      },
      "balanceSheet": {
        "cashAndEquivalents": 27502,
        "marketableSecurities": 151806,
        "totalAssets": 336309,
        "totalLiabilities": 278202,
        "totalEquity": 58107,
        "currentTermDebt": 14009,
        "commercialPaper": 10982,
        "longTermDebt": 94700,
        "totalDebt": 119691
      },
      "cashFlow": {
        "operatingCF": 22892,
        "investingCF": 4234,
        "financingCF": -27445,
        "freeCashFlow": 20790
      },
      "segmentProfit": {
        "americas": {
          "revenue": 37472,
          "operatingIncome": null
        },
        "europe": {
          "revenue": 19287,
          "operatingIncome": null
        },
        "greaterChina": {
          "revenue": 14604,
          "operatingIncome": null
        },
        "japan": {
          "revenue": 5446,
          "operatingIncome": null
        },
        "restOfAsiaPacific": {
          "revenue": 6150,
          "operatingIncome": null
        }
      },
      "investments": null,
      "hasPage": false
    },
    {
      "label": "FY2022 Q4",
      "fy": 2022,
      "q": 4,
      "isOutlook": false,
      "revenue": 90146,
      "costOfRevenue": 52051,
      "grossProfit": 38095,
      "researchAndDevelopment": 6761,
      "sga": 6440,
      "totalOperatingExpenses": 13201,
      "operatingIncome": 24894,
      "nonOperatingIncome": -237,
      "netIncome": 20721,
      "eps": 1.29,
      "price": 142.48,
      "priceDate": "2022-09-29",
      "sharesDiluted": 16118465,
      "segments": {
        "americas": 39808,
        "europe": 22795,
        "greaterChina": 15470,
        "japan": 5700,
        "restOfAsiaPacific": 6373
      },
      "productSegments": {
        "iPhone": 42626,
        "mac": 11508,
        "iPad": 7174,
        "wearables": 9650,
        "services": 19188
      },
      "balanceSheet": {
        "cashAndEquivalents": 23646,
        "marketableSecurities": 145463,
        "totalAssets": 352755,
        "totalLiabilities": 302083,
        "totalEquity": 50672,
        "currentTermDebt": 11128,
        "commercialPaper": 9982,
        "longTermDebt": 98959,
        "totalDebt": 120069
      },
      "cashFlow": {
        "operatingCF": 24127,
        "investingCF": -1217,
        "financingCF": -26794,
        "freeCashFlow": 20838
      },
      "segmentProfit": {
        "americas": {
          "revenue": 39808,
          "operatingIncome": null
        },
        "europe": {
          "revenue": 22795,
          "operatingIncome": null
        },
        "greaterChina": {
          "revenue": 15470,
          "operatingIncome": null
        },
        "japan": {
          "revenue": 5700,
          "operatingIncome": null
        },
        "restOfAsiaPacific": {
          "revenue": 6373,
          "operatingIncome": null
        }
      },
      "investments": null,
      "hasPage": false
    },
    {
      "label": "FY2023 Q1",
      "fy": 2023,
      "q": 1,
      "isOutlook": false,
      "revenue": 117154,
      "costOfRevenue": 66822,
      "grossProfit": 50332,
      "researchAndDevelopment": 7709,
      "sga": 6607,
      "totalOperatingExpenses": 14316,
      "operatingIncome": 36016,
      "nonOperatingIncome": -393,
      "netIncome": 29998,
      "eps": 1.88,
      "price": 129.93,
      "priceDate": "2022-12-30",
      "sharesDiluted": 15955718,
      "segments": {
        "americas": 49278,
        "europe": 27681,
        "greaterChina": 23905,
        "japan": 6755,
        "restOfAsiaPacific": 9535
      },
      "productSegments": {
        "iPhone": 65775,
        "mac": 7735,
        "iPad": 9396,
        "wearables": 13482,
        "services": 20766
      },
      "balanceSheet": {
        "cashAndEquivalents": 20535,
        "marketableSecurities": 144915,
        "totalAssets": 346747,
        "totalLiabilities": 290020,
        "totalEquity": 56727,
        "currentTermDebt": 9740,
        "commercialPaper": 1743,
        "longTermDebt": 99627,
        "totalDebt": 111110
      },
      "cashFlow": {
        "operatingCF": 34005,
        "investingCF": -1445,
        "financingCF": -35563,
        "freeCashFlow": 30218
      },
      "segmentProfit": {
        "americas": {
          "revenue": 49278,
          "operatingIncome": null
        },
        "europe": {
          "revenue": 27681,
          "operatingIncome": null
        },
        "greaterChina": {
          "revenue": 23905,
          "operatingIncome": null
        },
        "japan": {
          "revenue": 6755,
          "operatingIncome": null
        },
        "restOfAsiaPacific": {
          "revenue": 9535,
          "operatingIncome": null
        }
      },
      "investments": null,
      "hasPage": false
    },
    {
      "label": "FY2023 Q2",
      "fy": 2023,
      "q": 2,
      "isOutlook": false,
      "revenue": 94836,
      "costOfRevenue": 52860,
      "grossProfit": 41976,
      "researchAndDevelopment": 7457,
      "sga": 6201,
      "totalOperatingExpenses": 13658,
      "operatingIncome": 28318,
      "nonOperatingIncome": 64,
      "netIncome": 24160,
      "eps": 1.52,
      "price": 162.36,
      "priceDate": "2023-03-30",
      "sharesDiluted": 15847050,
      "segments": {
        "americas": 37784,
        "europe": 23945,
        "greaterChina": 17812,
        "japan": 7176,
        "restOfAsiaPacific": 8119
      },
      "productSegments": {
        "iPhone": 51334,
        "mac": 7168,
        "iPad": 6670,
        "wearables": 8757,
        "services": 20907
      },
      "balanceSheet": {
        "cashAndEquivalents": 24687,
        "marketableSecurities": 141646,
        "totalAssets": 332160,
        "totalLiabilities": 270002,
        "totalEquity": 62158,
        "currentTermDebt": 10578,
        "commercialPaper": 1996,
        "longTermDebt": 97041,
        "totalDebt": 109615
      },
      "cashFlow": {
        "operatingCF": 28560,
        "investingCF": 2319,
        "financingCF": -25724,
        "freeCashFlow": 25644
      },
      "segmentProfit": {
        "americas": {
          "revenue": 37784,
          "operatingIncome": null
        },
        "europe": {
          "revenue": 23945,
          "operatingIncome": null
        },
        "greaterChina": {
          "revenue": 17812,
          "operatingIncome": null
        },
        "japan": {
          "revenue": 7176,
          "operatingIncome": null
        },
        "restOfAsiaPacific": {
          "revenue": 8119,
          "operatingIncome": null
        }
      },
      "investments": null,
      "hasPage": false
    },
    {
      "label": "FY2023 Q3",
      "fy": 2023,
      "q": 3,
      "isOutlook": false,
      "revenue": 81797,
      "costOfRevenue": 45384,
      "grossProfit": 36413,
      "researchAndDevelopment": 7442,
      "sga": 5973,
      "totalOperatingExpenses": 13415,
      "operatingIncome": 22998,
      "nonOperatingIncome": -265,
      "netIncome": 19881,
      "eps": 1.26,
      "price": 189.59,
      "priceDate": "2023-06-29",
      "sharesDiluted": 15775021,
      "segments": {
        "americas": 35383,
        "europe": 20205,
        "greaterChina": 15758,
        "japan": 4821,
        "restOfAsiaPacific": 5630
      },
      "productSegments": {
        "iPhone": 39669,
        "mac": 6840,
        "iPad": 5791,
        "wearables": 8284,
        "services": 21213
      },
      "balanceSheet": {
        "cashAndEquivalents": 28408,
        "marketableSecurities": 138135,
        "totalAssets": 335038,
        "totalLiabilities": 274764,
        "totalEquity": 60274,
        "currentTermDebt": 7216,
        "commercialPaper": 3993,
        "longTermDebt": 98071,
        "totalDebt": 109280
      },
      "cashFlow": {
        "operatingCF": 26380,
        "investingCF": 437,
        "financingCF": -24048,
        "freeCashFlow": 24287
      },
      "segmentProfit": {
        "americas": {
          "revenue": 35383,
          "operatingIncome": null
        },
        "europe": {
          "revenue": 20205,
          "operatingIncome": null
        },
        "greaterChina": {
          "revenue": 15758,
          "operatingIncome": null
        },
        "japan": {
          "revenue": 4821,
          "operatingIncome": null
        },
        "restOfAsiaPacific": {
          "revenue": 5630,
          "operatingIncome": null
        }
      },
      "investments": null,
      "hasPage": false
    },
    {
      "label": "FY2023 Q4",
      "fy": 2023,
      "q": 4,
      "isOutlook": false,
      "revenue": 89498,
      "costOfRevenue": 49071,
      "grossProfit": 40427,
      "researchAndDevelopment": 7307,
      "sga": 6151,
      "totalOperatingExpenses": 13458,
      "operatingIncome": 26969,
      "nonOperatingIncome": 29,
      "netIncome": 22956,
      "eps": 1.46,
      "price": 171.21,
      "priceDate": "2023-09-29",
      "sharesDiluted": 15672400,
      "segments": {
        "americas": 40115,
        "europe": 22463,
        "greaterChina": 15084,
        "japan": 5505,
        "restOfAsiaPacific": 6331
      },
      "productSegments": {
        "iPhone": 43805,
        "mac": 7614,
        "iPad": 6443,
        "wearables": 9322,
        "services": 22314
      },
      "balanceSheet": {
        "cashAndEquivalents": 29965,
        "marketableSecurities": 132134,
        "totalAssets": 352583,
        "totalLiabilities": 290437,
        "totalEquity": 62146,
        "currentTermDebt": 9822,
        "commercialPaper": 5985,
        "longTermDebt": 95281,
        "totalDebt": 111088
      },
      "cashFlow": {
        "operatingCF": 21598,
        "investingCF": 2394,
        "financingCF": -23153,
        "freeCashFlow": 19435
      },
      "segmentProfit": {
        "americas": {
          "revenue": 40115,
          "operatingIncome": null
        },
        "europe": {
          "revenue": 22463,
          "operatingIncome": null
        },
        "greaterChina": {
          "revenue": 15084,
          "operatingIncome": null
        },
        "japan": {
          "revenue": 5505,
          "operatingIncome": null
        },
        "restOfAsiaPacific": {
          "revenue": 6331,
          "operatingIncome": null
        }
      },
      "investments": null,
      "hasPage": false
    },
    {
      "label": "FY2024 Q1",
      "fy": 2024,
      "q": 1,
      "isOutlook": false,
      "revenue": 119575,
      "costOfRevenue": 64720,
      "grossProfit": 54855,
      "researchAndDevelopment": 7696,
      "sga": 6786,
      "totalOperatingExpenses": 14482,
      "operatingIncome": 40373,
      "nonOperatingIncome": -50,
      "netIncome": 33916,
      "eps": 2.18,
      "price": 192.53,
      "priceDate": "2023-12-29",
      "sharesDiluted": 15576641,
      "segments": {
        "americas": 50430,
        "europe": 30397,
        "greaterChina": 20819,
        "japan": 7767,
        "restOfAsiaPacific": 10162
      },
      "productSegments": {
        "iPhone": 69702,
        "mac": 7780,
        "iPad": 7023,
        "wearables": 11953,
        "services": 23117
      },
      "balanceSheet": {
        "cashAndEquivalents": 40760,
        "marketableSecurities": 131815,
        "totalAssets": 353514,
        "totalLiabilities": 279414,
        "totalEquity": 74100,
        "currentTermDebt": 10954,
        "commercialPaper": 1998,
        "longTermDebt": 95088,
        "totalDebt": 108040
      },
      "cashFlow": {
        "operatingCF": 39895,
        "investingCF": 1927,
        "financingCF": -30585,
        "freeCashFlow": 37503
      },
      "segmentProfit": {
        "americas": {
          "revenue": 50430,
          "operatingIncome": null
        },
        "europe": {
          "revenue": 30397,
          "operatingIncome": null
        },
        "greaterChina": {
          "revenue": 20819,
          "operatingIncome": null
        },
        "japan": {
          "revenue": 7767,
          "operatingIncome": null
        },
        "restOfAsiaPacific": {
          "revenue": 10162,
          "operatingIncome": null
        }
      },
      "investments": null,
      "hasPage": false
    },
    {
      "label": "FY2024 Q2",
      "fy": 2024,
      "q": 2,
      "isOutlook": false,
      "revenue": 90753,
      "costOfRevenue": 48482,
      "grossProfit": 42271,
      "researchAndDevelopment": 7903,
      "sga": 6468,
      "totalOperatingExpenses": 14371,
      "operatingIncome": 27900,
      "nonOperatingIncome": 158,
      "netIncome": 23636,
      "eps": 1.53,
      "price": 171.48,
      "priceDate": "2024-03-28",
      "sharesDiluted": 15464709,
      "segments": {
        "americas": 37273,
        "europe": 24123,
        "greaterChina": 16372,
        "japan": 6262,
        "restOfAsiaPacific": 6723
      },
      "productSegments": {
        "iPhone": 45963,
        "mac": 7451,
        "iPad": 5559,
        "wearables": 7913,
        "services": 23867
      },
      "balanceSheet": {
        "cashAndEquivalents": 32695,
        "marketableSecurities": 129642,
        "totalAssets": 337411,
        "totalLiabilities": 263217,
        "totalEquity": 74194,
        "currentTermDebt": 10762,
        "commercialPaper": 1997,
        "longTermDebt": 91831,
        "totalDebt": 104590
      },
      "cashFlow": {
        "operatingCF": 22690,
        "investingCF": -310,
        "financingCF": -30433,
        "freeCashFlow": 20694
      },
      "segmentProfit": {
        "americas": {
          "revenue": 37273,
          "operatingIncome": null
        },
        "europe": {
          "revenue": 24123,
          "operatingIncome": null
        },
        "greaterChina": {
          "revenue": 16372,
          "operatingIncome": null
        },
        "japan": {
          "revenue": 6262,
          "operatingIncome": null
        },
        "restOfAsiaPacific": {
          "revenue": 6723,
          "operatingIncome": null
        }
      },
      "investments": null,
      "hasPage": true
    },
    {
      "label": "FY2024 Q3",
      "fy": 2024,
      "q": 3,
      "isOutlook": false,
      "revenue": 85777,
      "costOfRevenue": 46099,
      "grossProfit": 39678,
      "researchAndDevelopment": 8006,
      "sga": 6320,
      "totalOperatingExpenses": 14326,
      "operatingIncome": 25352,
      "nonOperatingIncome": 142,
      "netIncome": 21448,
      "eps": 1.4,
      "price": 210.62,
      "priceDate": "2024-06-28",
      "sharesDiluted": 15348175,
      "segments": {
        "americas": 37678,
        "europe": 21884,
        "greaterChina": 14728,
        "japan": 5097,
        "restOfAsiaPacific": 6390
      },
      "productSegments": {
        "iPhone": 39296,
        "mac": 7009,
        "iPad": 7162,
        "wearables": 8097,
        "services": 24213
      },
      "balanceSheet": {
        "cashAndEquivalents": 25565,
        "marketableSecurities": 127476,
        "totalAssets": 331612,
        "totalLiabilities": 264904,
        "totalEquity": 66708,
        "currentTermDebt": 12114,
        "commercialPaper": 2994,
        "longTermDebt": 86196,
        "totalDebt": 101304
      },
      "cashFlow": {
        "operatingCF": 28858,
        "investingCF": -127,
        "financingCF": -36017,
        "freeCashFlow": 26707
      },
      "segmentProfit": {
        "americas": {
          "revenue": 37678,
          "operatingIncome": null
        },
        "europe": {
          "revenue": 21884,
          "operatingIncome": null
        },
        "greaterChina": {
          "revenue": 14728,
          "operatingIncome": null
        },
        "japan": {
          "revenue": 5097,
          "operatingIncome": null
        },
        "restOfAsiaPacific": {
          "revenue": 6390,
          "operatingIncome": null
        }
      },
      "investments": null,
      "hasPage": true
    },
    {
      "label": "FY2024 Q4",
      "fy": 2024,
      "q": 4,
      "isOutlook": false,
      "revenue": 94930,
      "costOfRevenue": 51051,
      "grossProfit": 43879,
      "researchAndDevelopment": 7765,
      "sga": 6523,
      "totalOperatingExpenses": 14288,
      "operatingIncome": 29591,
      "nonOperatingIncome": 19,
      "netIncome": 14736,
      "eps": 0.97,
      "price": 227.79,
      "priceDate": "2024-09-27",
      "sharesDiluted": 15242853,
      "segments": {
        "americas": 41664,
        "europe": 24924,
        "greaterChina": 15033,
        "japan": 5926,
        "restOfAsiaPacific": 7383
      },
      "productSegments": {
        "iPhone": 46222,
        "mac": 7744,
        "iPad": 6950,
        "wearables": 9042,
        "services": 24972
      },
      "balanceSheet": {
        "cashAndEquivalents": 29943,
        "marketableSecurities": 126707,
        "totalAssets": 364980,
        "totalLiabilities": 308030,
        "totalEquity": 56950,
        "currentTermDebt": 10912,
        "commercialPaper": 9967,
        "longTermDebt": 85750,
        "totalDebt": 106629
      },
      "cashFlow": {
        "operatingCF": 26811,
        "investingCF": 1445,
        "financingCF": -24948,
        "freeCashFlow": 23903
      },
      "segmentProfit": {
        "americas": {
          "revenue": 41664,
          "operatingIncome": null
        },
        "europe": {
          "revenue": 24924,
          "operatingIncome": null
        },
        "greaterChina": {
          "revenue": 15033,
          "operatingIncome": null
        },
        "japan": {
          "revenue": 5926,
          "operatingIncome": null
        },
        "restOfAsiaPacific": {
          "revenue": 7383,
          "operatingIncome": null
        }
      },
      "investments": null,
      "hasPage": true
    },
    {
      "label": "FY2025 Q1",
      "fy": 2025,
      "q": 1,
      "isOutlook": false,
      "revenue": 124300,
      "costOfRevenue": 66025,
      "grossProfit": 58275,
      "researchAndDevelopment": 8268,
      "sga": 7175,
      "totalOperatingExpenses": 15443,
      "operatingIncome": 42832,
      "nonOperatingIncome": -248,
      "netIncome": 36330,
      "eps": 2.4,
      "price": 252.2,
      "priceDate": "2024-12-30",
      "sharesDiluted": 15150865,
      "segments": {
        "americas": 52648,
        "europe": 33861,
        "greaterChina": 18513,
        "japan": 8987,
        "restOfAsiaPacific": 10291
      },
      "productSegments": {
        "iPhone": 69138,
        "mac": 8987,
        "iPad": 8088,
        "wearables": 11747,
        "services": 26340
      },
      "balanceSheet": {
        "cashAndEquivalents": 30299,
        "marketableSecurities": 111069,
        "totalAssets": 344085,
        "totalLiabilities": 277327,
        "totalEquity": 66758,
        "currentTermDebt": 10848,
        "commercialPaper": 1995,
        "longTermDebt": 83956,
        "totalDebt": 96799
      },
      "cashFlow": {
        "operatingCF": 29935,
        "investingCF": 9792,
        "financingCF": -39371,
        "freeCashFlow": 26995
      },
      "segmentProfit": {
        "americas": {
          "revenue": 52648,
          "operatingIncome": null
        },
        "europe": {
          "revenue": 33861,
          "operatingIncome": null
        },
        "greaterChina": {
          "revenue": 18513,
          "operatingIncome": null
        },
        "japan": {
          "revenue": 8987,
          "operatingIncome": null
        },
        "restOfAsiaPacific": {
          "revenue": 10291,
          "operatingIncome": null
        }
      },
      "investments": null,
      "hasPage": true
    },
    {
      "label": "FY2025 Q2",
      "fy": 2025,
      "q": 2,
      "isOutlook": false,
      "revenue": 95359,
      "costOfRevenue": 50492,
      "grossProfit": 44867,
      "researchAndDevelopment": 8550,
      "sga": 6728,
      "totalOperatingExpenses": 15278,
      "operatingIncome": 29589,
      "nonOperatingIncome": -279,
      "netIncome": 24780,
      "eps": 1.65,
      "price": 217.9,
      "priceDate": "2025-03-28",
      "sharesDiluted": 15056133,
      "segments": {
        "americas": 40315,
        "europe": 24454,
        "greaterChina": 16002,
        "japan": 7298,
        "restOfAsiaPacific": 7290
      },
      "productSegments": {
        "iPhone": 46841,
        "mac": 7949,
        "iPad": 6402,
        "wearables": 7522,
        "services": 26645
      },
      "balanceSheet": {
        "cashAndEquivalents": 28162,
        "marketableSecurities": 104760,
        "totalAssets": 331233,
        "totalLiabilities": 264437,
        "totalEquity": 66796,
        "currentTermDebt": 13638,
        "commercialPaper": 5982,
        "longTermDebt": 78566,
        "totalDebt": 98186
      },
      "cashFlow": {
        "operatingCF": 23952,
        "investingCF": 2917,
        "financingCF": -29006,
        "freeCashFlow": 20881
      },
      "segmentProfit": {
        "americas": {
          "revenue": 40315,
          "operatingIncome": null
        },
        "europe": {
          "revenue": 24454,
          "operatingIncome": null
        },
        "greaterChina": {
          "revenue": 16002,
          "operatingIncome": null
        },
        "japan": {
          "revenue": 7298,
          "operatingIncome": null
        },
        "restOfAsiaPacific": {
          "revenue": 7290,
          "operatingIncome": null
        }
      },
      "investments": null,
      "hasPage": true
    },
    {
      "label": "FY2025 Q3",
      "fy": 2025,
      "q": 3,
      "isOutlook": false,
      "revenue": 94036,
      "costOfRevenue": 50318,
      "grossProfit": 43718,
      "researchAndDevelopment": 8866,
      "sga": 6650,
      "totalOperatingExpenses": 15516,
      "operatingIncome": 28202,
      "nonOperatingIncome": -171,
      "netIncome": 23434,
      "eps": 1.57,
      "price": 201.08,
      "priceDate": "2025-06-27",
      "sharesDiluted": 14948179,
      "segments": {
        "americas": 41198,
        "europe": 24014,
        "greaterChina": 15369,
        "japan": 5782,
        "restOfAsiaPacific": 7673
      },
      "productSegments": {
        "iPhone": 44582,
        "mac": 8046,
        "iPad": 6581,
        "wearables": 7404,
        "services": 27423
      },
      "balanceSheet": {
        "cashAndEquivalents": 36269,
        "marketableSecurities": 96717,
        "totalAssets": 331495,
        "totalLiabilities": 265665,
        "totalEquity": 65830,
        "currentTermDebt": 9345,
        "commercialPaper": 9923,
        "longTermDebt": 82430,
        "totalDebt": 101698
      },
      "cashFlow": {
        "operatingCF": 27867,
        "investingCF": 5073,
        "financingCF": -24833,
        "freeCashFlow": 24405
      },
      "segmentProfit": {
        "americas": {
          "revenue": 41198,
          "operatingIncome": null
        },
        "europe": {
          "revenue": 24014,
          "operatingIncome": null
        },
        "greaterChina": {
          "revenue": 15369,
          "operatingIncome": null
        },
        "japan": {
          "revenue": 5782,
          "operatingIncome": null
        },
        "restOfAsiaPacific": {
          "revenue": 7673,
          "operatingIncome": null
        }
      },
      "investments": null,
      "hasPage": true
    },
    {
      "label": "FY2025 Q4",
      "fy": 2025,
      "q": 4,
      "isOutlook": false,
      "revenue": 102466,
      "costOfRevenue": 54125,
      "grossProfit": 48341,
      "researchAndDevelopment": 8866,
      "sga": 7048,
      "totalOperatingExpenses": 15914,
      "operatingIncome": 32427,
      "nonOperatingIncome": 377,
      "netIncome": 27466,
      "eps": 1.85,
      "price": 254.43,
      "priceDate": "2025-09-29",
      "sharesDiluted": 14863609,
      "segments": {
        "americas": 44192,
        "europe": 28703,
        "greaterChina": 14493,
        "japan": 6636,
        "restOfAsiaPacific": 8442
      },
      "productSegments": {
        "iPhone": 49025,
        "mac": 8726,
        "iPad": 6952,
        "wearables": 9013,
        "services": 28750
      },
      "balanceSheet": {
        "cashAndEquivalents": 35934,
        "marketableSecurities": 96486,
        "totalAssets": 359241,
        "totalLiabilities": 285508,
        "totalEquity": 73733,
        "currentTermDebt": 12350,
        "commercialPaper": 7979,
        "longTermDebt": 78328,
        "totalDebt": 98657
      },
      "cashFlow": {
        "operatingCF": 29728,
        "investingCF": -2587,
        "financingCF": -27476,
        "freeCashFlow": 26486
      },
      "segmentProfit": {
        "americas": {
          "revenue": 44192,
          "operatingIncome": null
        },
        "europe": {
          "revenue": 28703,
          "operatingIncome": null
        },
        "greaterChina": {
          "revenue": 14493,
          "operatingIncome": null
        },
        "japan": {
          "revenue": 6636,
          "operatingIncome": null
        },
        "restOfAsiaPacific": {
          "revenue": 8442,
          "operatingIncome": null
        }
      },
      "investments": null,
      "hasPage": true
    }
  ],
  "currentQuarter": {
    "fy": 2025,
    "q": 4,
    "label": "FY2025 Q4"
  },
  "prevPage": {
    "fy": 2025,
    "q": 3,
    "label": "FY2025 Q3"
  },
  "nextPage": {
    "fy": 2026,
    "q": 1,
    "label": "FY2026 Q1"
  }
}